<collection xmlns="http://www.loc.gov/MARC21/slim">
<record>
  <leader>01584nam0a22003011i 450 </leader>
  <controlfield tag="001">IT\ICCU\CNCE\062950</controlfield>
  <controlfield tag="005">20120615000000.0</controlfield>
  <datafield tag="012" ind1=" " ind2=" ">
    <subfield code="a">usit i*p- n.ne Flcu (C) 1537 (Q)</subfield>
    <subfield code="2">fei</subfield>
  </datafield>
  <datafield tag="100" ind1=" " ind2=" ">
    <subfield code="a">20051214f1537        0itac0103    ba</subfield>
  </datafield>
  <datafield tag="101" ind1=" " ind2=" ">
    <subfield code="a">ITA</subfield>
  </datafield>
  <datafield tag="102" ind1=" " ind2=" ">
    <subfield code="a">IT</subfield>
  </datafield>
  <datafield tag="200" ind1="1" ind2=" ">
    <subfield code="a">Apologia: vel quasi exorcismus aduersus illorum hostium Dei peruersam: &amp; ualde malignam intentionem: qui nuperime triginta illas hamatiuas conclusiones Vuittemberge sic publice coaxare non horruerunt</subfield>
  </datafield>
  <datafield tag="210" ind1=" " ind2=" ">
    <subfield code="d">\dopo il 1537!</subfield>
  </datafield>
  <datafield tag="215" ind1=" " ind2=" ">
    <subfield code="a">\12! c.</subfield>
    <subfield code="d">8ʻ</subfield>
  </datafield>
  <datafield tag="300" ind1=" " ind2=" ">
    <subfield code="a">Stampata probabilmente da Bartolomeo Zanetti. Per la data e il tipografo cfr.: D.E. Rhodes, Silent Printers. Anonymous printing at Venice in the sixteenth century, p. 13</subfield>
  </datafield>
  <datafield tag="620" ind1=" " ind2=" ">
    <subfield code="a">IT</subfield>
    <subfield code="d">Venezia</subfield>
  </datafield>
  <datafield tag="700" ind1=" " ind2="1">
    <subfield code="a">Angelo,</subfield>
    <subfield code="b">Paolo</subfield>
    <subfield code="3">IT\ICCU\CNCA\000732</subfield>
  </datafield>
  <datafield tag="712" ind1="0" ind2="0">
    <subfield code="a">Zanetti, Bartolomeo</subfield>
    <subfield code="3">IT\ICCU\CNCT\000454</subfield>
    <subfield code="4">650</subfield>
  </datafield>
  <datafield tag="791" ind1="0" ind2="2">
    <subfield code="a">Bartholomaeus Casterzagensis</subfield>
    <subfield code="3">IT\ICCU\CNCT\003567</subfield>
    <subfield code="z">Zanetti, Bartolomeo</subfield>
  </datafield>
  <datafield tag="791" ind1="0" ind2="0">
    <subfield code="a">Zanettis, Bartholomeus de</subfield>
    <subfield code="3">IT\ICCU\CNCT\005782</subfield>
    <subfield code="z">Zanetti, Bartolomeo</subfield>
  </datafield>
  <datafield tag="791" ind1="0" ind2="2">
    <subfield code="a">Bartholomaeus Brixiensis</subfield>
    <subfield code="3">IT\ICCU\CNCT\005783</subfield>
    <subfield code="z">Zanetti, Bartolomeo</subfield>
  </datafield>
  <datafield tag="791" ind1="0" ind2="0">
    <subfield code="a">Zannettus, Bartholomeus</subfield>
    <subfield code="3">IT\ICCU\CNCT\005784</subfield>
    <subfield code="z">Zanetti, Bartolomeo</subfield>
  </datafield>
  <datafield tag="791" ind1="0" ind2="0">
    <subfield code="a">Zanettus, Bartholomaeus</subfield>
    <subfield code="3">IT\ICCU\CNCT\005785</subfield>
    <subfield code="z">Zanetti, Bartolomeo</subfield>
  </datafield>
  <datafield tag="791" ind1="0" ind2="2">
    <subfield code="a">Bartholomaeus Brixianeus</subfield>
    <subfield code="3">IT\ICCU\CNCT\005786</subfield>
    <subfield code="z">Zanetti, Bartolomeo</subfield>
  </datafield>
  <datafield tag="791" ind1="0" ind2="0">
    <subfield code="a">Gianettis, Bartholomeus de</subfield>
    <subfield code="3">IT\ICCU\CNCT\005787</subfield>
    <subfield code="z">Zanetti, Bartolomeo</subfield>
  </datafield>
  <datafield tag="791" ind1="0" ind2="0">
    <subfield code="a">Zannetti, Bartolomeo</subfield>
    <subfield code="3">IT\ICCU\CNCT\005788</subfield>
    <subfield code="z">Zanetti, Bartolomeo</subfield>
  </datafield>
  <datafield tag="801" ind1=" " ind2="3">
    <subfield code="a">IT</subfield>
    <subfield code="b">ICCU</subfield>
    <subfield code="c">20201115</subfield>
  </datafield>
  <datafield tag="899" ind1=" " ind2=" ">
    <subfield code="a">British Library. London</subfield>
    <subfield code="1">UK0001</subfield>
  </datafield>
</record>
</collection>
